
@article{dutrieux_mise_2021,
	title = {Mise au point d'une méthode reproductible pour le suivi généralisé des dégats de scolytes par télédétection satellitaire},
	url = {https://www.onf.fr/onf/+/cec::les-rendez-vous-techniques-de-lonf-no69-70.html},
	number = {69-70},
	journal = {ONF Rendez-vous techniques},
	author = {Dutrieux, Raphaël and Féret, Jean-Baptiste and Ose, Kenji},
	month = jul,
	year = {2021},
	pages = {37--44},
}

@misc{dutrieux_package_2021,
	title = {Package {Fordead}},
	url = {https://doi.org/10.15454/4TEO6H},
	publisher = {Portail Data INRAE},
	author = {DUTRIEUX, RAPHAEL and FERET, JEAN-BAPTISTE and OSE, KENJI and DE BOISSIEU, FLORIAN},
	year = {2021},
	doi = {10.15454/4TEO6H},
}
